@article{kurek2024zero,
  title={Zero-shot recommendation AI models for efficient job--candidate matching in recruitment process},
  author={Kurek, Jaros{\l}aw and Latkowski, Tomasz and Bukowski, Micha{\l} and {\'S}widerski, Bartosz and {\L}{\k{e}}picki, Mateusz and Baranik, Grzegorz and Nowak, Bogusz and Zakowicz, Robert and Dobrakowski, {\L}ukasz},
  journal={Applied Sciences},
  volume={14},
  number={6},
  pages={2601},
  year={2024},
  publisher={MDPI}
}

@unknown{unknown,
author = {Kumar, Anshul and Panwar, Abhinav and Rawat, Anurag},
year = {2022},
month = {12},
pages = {},
title = {Research Paper on Question Answering System using BERT},
doi = {10.13140/RG.2.2.32542.20800}
}

@inbook{Latard_2017,
   title={Towards a Semantic Search Engine for Scientific Articles},
   ISBN={9783319670089},
   ISSN={1611-3349},
   url={http://dx.doi.org/10.1007/978-3-319-67008-9_54},
   DOI={10.1007/978-3-319-67008-9_54},
   booktitle={Research and Advanced Technology for Digital Libraries},
   publisher={Springer International Publishing},
   author={Latard, Bastien and Weber, Jonathan and Forestier, Germain and Hassenforder, Michel},
   year={2017},
   pages={608â€“611} 
}

@inproceedings{inproceedings,
author = {Assia, Brek and Zizette, Boufaida},
year = {2022},
month = {08},
pages = {},
title = {Semantic Approaches Survey for Job Recommender Systems}
}

@INPROCEEDINGS{10100122,
  author={Thali, Raj and Mayekar, Suyog and More, Shubham and Barhate, Sanjana and Selvan, Sangeetha},
  booktitle={2023 International Conference on Innovative Data Communication Technologies and Application (ICIDCA)}, 
  title={Survey on Job Recommendation Systems using Machine Learning}, 
  year={2023},
  volume={},
  number={},
  pages={453-457},
  keywords={Matched filters;Databases;Resumes;Education;Machine learning;Information filters;User experience;Resume;Recommendation;Collaborative filtering;Content-based filtering},
  doi={10.1109/ICIDCA56705.2023.10100122}}


@inbook{inbook,
author = {Tayade, Tanvi and Akarte, Rutuja and Sorte, Gayatree and Tayade, Rohit and Khodke, Priti},
year = {2021},
month = {01},
pages = {503-509},
title = {Data Mining Approach to Job Recommendation Systems},
isbn = {978-3-030-49794-1},
doi = {10.1007/978-3-030-49795-8_48}
}

@article{article,
author = {Huang, Ran},
year = {2023},
month = {05},
pages = {},
title = {Improved content recommendation algorithm integrating semantic information},
volume = {10},
journal = {Journal of Big Data},
doi = {10.1186/s40537-023-00776-7}
}


@misc{devlin2019bertpretrainingdeepbidirectional,
      title={BERT: Pre-training of Deep Bidirectional Transformers for Language Understanding}, 
      author={Jacob Devlin and Ming-Wei Chang and Kenton Lee and Kristina Toutanova},
      year={2019},
      eprint={1810.04805},
      archivePrefix={arXiv},
      primaryClass={cs.CL},
      url={https://arxiv.org/abs/1810.04805}, 
}

@misc{yenduri2023generativepretrainedtransformercomprehensive,
      title={Generative Pre-trained Transformer: A Comprehensive Review on Enabling Technologies, Potential Applications, Emerging Challenges, and Future Directions}, 
      author={Gokul Yenduri and Ramalingam M and Chemmalar Selvi G and Supriya Y and Gautam Srivastava and Praveen Kumar Reddy Maddikunta and Deepti Raj G and Rutvij H Jhaveri and Prabadevi B and Weizheng Wang and Athanasios V. Vasilakos and Thippa Reddy Gadekallu},
      year={2023},
      eprint={2305.10435},
      archivePrefix={arXiv},
      primaryClass={cs.CL},
      url={https://arxiv.org/abs/2305.10435}, 
}

@misc{reimers2019sentencebertsentenceembeddingsusing,
      title={Sentence-BERT: Sentence Embeddings using Siamese BERT-Networks}, 
      author={Nils Reimers and Iryna Gurevych},
      year={2019},
      eprint={1908.10084},
      archivePrefix={arXiv},
      primaryClass={cs.CL},
      url={https://arxiv.org/abs/1908.10084}, 
}

@misc{wang2020minilmdeepselfattentiondistillation,
      title={MiniLM: Deep Self-Attention Distillation for Task-Agnostic Compression of Pre-Trained Transformers}, 
      author={Wenhui Wang and Furu Wei and Li Dong and Hangbo Bao and Nan Yang and Ming Zhou},
      year={2020},
      eprint={2002.10957},
      archivePrefix={arXiv},
      primaryClass={cs.CL},
      url={https://arxiv.org/abs/2002.10957}, 
}